@online{binegar2008,
  author  = {Birne Binegar},
  year    = {2008},
  title   = {Math 4233: Differential Equations -- Lecture Notes},
  url     = {https://umrkportal.net/~binegar/4233/4233-lec.html},
  note    = {Lecture notes for Math 4233: Differential Equations, Oklahoma State University},
  urldate = {2025-06-12}
}

@misc{Derbez2015,
  author       = {Juan Carlos Villaseñor-Derbez},
  howpublished = {\url{https://jcvdav.github.io/EEMB247/}},
  title        = {EEMB 247 - Quantitative Ecology},
  year         = {2015}
}

@misc{eigensteve,
  author       = {Steve Brunton},
  howpublished = {\url{https://www.youtube.com/playlist?list=PLMrJAkhIeNNTYaOnVI3QpH7jgULnAmvPA}},
  title        = {Engineering Math: Differential Equations \& Dynamical Systems},
  year         = {2022}
}

@online{gustafson2013,
  author  = {R. L. Gustafson},
  year    = {2013},
  title   = {Dynamical Systems and Stability},
  url     = {https://www.math.utah.edu/~gustafso/s2013/2250/lectureslides2250/references/lectureslides2250/systems/DynSysStability.pdf},
  note    = {Lecture slides for MATH 2250, University of Utah, Spring 2013},
  urldate = {2025-06-12}
}

@book{hale1996,
  author    = {Jack K. Hale},
  title     = {Dynamics and Bifurcations},
  year      = {1996},
  publisher = {Springer},
  address   = {New York},
  isbn      = {0-387-97141-6},
  note      = {Originally published in 1991},
  lccn      = {97115633}
}

@book{Hiroki2015,
  author    = {Hiroki Sayama},
  publisher = {Milne Open Textbooks. 14},
  title     = {Introduction to the Modeling and Analysis of Complex Systems},
  year      = {2015}
}

@article{hunter2011introduction,
  title   = {Introduction to dynamical systems},
  author  = {Hunter, John K},
  journal = {UCDavis Mathematics MAT A},
  volume  = {207},
  pages   = {2011},
  year    = {2011}
}

@article{LIU1994250,
  title    = {Criterion of Hopf Bifurcations without Using Eigenvalues},
  journal  = {Journal of Mathematical Analysis and Applications},
  volume   = {182},
  number   = {1},
  pages    = {250-256},
  year     = {1994},
  issn     = {0022-247X},
  doi      = {https://doi.org/10.1006/jmaa.1994.1079},
  url      = {https://www.sciencedirect.com/science/article/pii/S0022247X84710791},
  author   = {W.M. Liu},
  abstract = {This paper presents a criterion for a class of Hopf bifurcations using the properties of coefficients of characteristic equations instead of those of eigenvalues. It is related to the Routh-Hurwitz criterion and is convenient in many applications.}
}

@misc{Lorand2024,
  author       = {Lorand Gabriel Parajdi},
  howpublished = {UBB Conference presentation},
  title        = {On the Existence and Absence of Hopf Bifurcation in Some Chemical Reaction Networks Derived from a Distributive Phosphorylation-Dephosphorylation Network},
  year         = {2024}
}

@online{maciejowskiHandout2,
  author  = {Jan M. Maciejowski},
  title   = {Stability of Linear Systems},
  year    = {n.d.},
  url     = {http://www-control.eng.cam.ac.uk/jmm/4f3/handout2.pdf},
  note    = {Lecture notes for 4F3 Control, University of Cambridge},
  urldate = {2025-06-12}
}

@online{maryland2022,
  author  = {C. David Levermore and Samuel Punshon-Smith and Kilian Cooley},
  year    = {2022},
  title   = {MATH246: Ordinary Differential Equations},
  url     = {https://www.math.umd.edu/courses/math246/NODE/2223F/},
  urldate = {2025-06-12}
}

@online{mattuck2010Chapter26,
  author  = {Arthur P. Mattuck},
  year    = {2010},
  title   = {Chapter 26: Continuation — MIT 18.03 Differential Equations (Spring 2010)},
  url     = {https://ocw.mit.edu/courses/18-03-differential-equations-spring-2010/3de8a404f12686e16bfcb12076e9b406_MIT18_03S10_chapter_26.pdf},
  note    = {Lecture note on continuation and eigenvalue types from MIT OpenCourseWare, Spring 2010},
  urldate = {2025-06-12}
}

@inproceedings{Narayan2012,
  author    = {Ramasubbu, Narayan and Balan, Rajesh Krishna},
  title     = {Overcoming the Challenges in Cost Estimation for Distributed Software Projects},
  year      = {2012},
  isbn      = {9781467310673},
  publisher = {IEEE Press},
  booktitle = {Proceedings of the 34th International Conference on Software Engineering},
  pages     = {91-101},
  numpages  = {11},
  location  = {Zurich, Switzerland},
  series    = {ICSE '12}
}

@online{orioloStability,
  author  = {Giuseppe Oriolo},
  title   = {Stability of Autonomous Systems},
  year    = {n.d.},
  url     = {https://www.diag.uniroma1.it/oriolo/amr/material/stability.pdf},
  note    = {Lecture material for Advanced Robotics, Sapienza University of Rome},
  urldate = {2025-06-12}
}

@article{Robbes2015,
  author    = {Robbes, Romain Pierre Julien and Röthlisberger, D and Tanter, É},
  issn      = {1382-3256},
  journal   = {Empirical Software Engineering},
  keywords  = {Data extensions},
  language  = {eng},
  number    = {3},
  volume    = {20},
  publisher = {Kluwer Academic Publishers},
  title     = {Object-oriented software extensions in practice},
  year      = {2015}
}


@misc{RouchePathways,
  author       = {Dr. Gerhard Michal},
  title        = {{Roche Biochemical Pathways}},
  howpublished = {\url{https://biochemical-pathways.com}},
  note         = {Offline currently}
}

@online{wiensStability,
  author  = {Elmer G. Wiens},
  year    = {n.d.},
  title   = {Systems of Linear Differential Equations: Linear Stability Analysis},
  url     = {https://www.egwald.ca/linearalgebra/lineardifferentialequationsstabilityanalysis.php},
  note    = {Lecture material on linear stability analysis, Egwald Mathematics},
  urldate = {2025-06-12}
}

@article{Yang2002,
  author  = {Yang, Xiaojing},
  year    = {2002},
  month   = {07},
  pages   = {615-621},
  title   = {Generalized form of Hurwitz-Routh criterion of Hopf bifurcation of higher order},
  volume  = {15},
  journal = {Appl. Math. Lett.},
  doi     = {10.1016/S0893-9659(02)80014-3}
}


@book{hairer1993Nonstiff,
  author    = {Ernst Hairer, Syvert P. Nørsett, Gerhard Wanner},
  title     = {Solving Ordinary Differential Equations I: Nonstiff Problems},
  series    = {Springer Series in Computational Mathematics},
  publisher = {Springer-Verlag},
  year      = {1993},
  doi       = {10.1007/978-3-540-78862-1}
}


@online{faye2011Bifurcation,
  author  = {Gr{\'e}gory Faye},
  year    = {2011},
  title   = {An Introduction to Bifurcation Theory},
  url     = {https://www.math.univ-toulouse.fr/~gfaye/ENS11/chap_bif.pdf},
  note    = {Lecture chapter for ENS11 (NeuroMathComp / Advanced Bifurcation), Université de Toulouse, October 6, 2011},
  urldate = {2025-06-12}
}

@article{Yang2020,
  author  = {Yang, Yingjuan and Qi, Guoyuan and Hu, Jianbing and Faradja, Philippe},
  year    = {2020},
  month   = {05},
  pages   = {2050072},
  title   = {Finding Method and Analysis of Hidden Chaotic Attractors for Plasma Chaotic System From Physical and Mechanistic Perspectives},
  volume  = {30},
  journal = {International Journal of Bifurcation and Chaos},
  doi     = {10.1142/S0218127420500728}
}


@article{brainsci10080536,
  author         = {Patil, Gaurav and Nalepka, Patrick and Kallen, Rachel W. and Richardson, Michael J.},
  title          = {Hopf Bifurcations in Complex Multiagent Activity: The Signature of Discrete to Rhythmic Behavioral Transitions},
  journal        = {Brain Sciences},
  volume         = {10},
  year           = {2020},
  number         = {8},
  article-number = {536},
  url            = {https://www.mdpi.com/2076-3425/10/8/536},
  pubmedid       = {32784867},
  issn           = {2076-3425},
  doi            = {10.3390/brainsci10080536}
}

@book{afrajmovich1999Bifurcation,
  author    = {V. S. Afrajmovich and Yu. S. Il'yashenko and L. P. Shil'nikov},
  title     = {Bifurcation Theory and Catastrophe Theory},
  series    = {Encyclopaedia of Mathematical Sciences},
  volume    = {5},
  publisher = {Springer},
  year      = {1999},
  date      = {1999-06-22},
  isbn      = {978-3-540-65379-0},
  url       = {https://archive.org/details/bifurcationtheor0000unse_p2j4},
  note      = {Archived edition available on Internet Archive}
}

@article{ErramiEtAl2015a,
  title        = {Detection of {Hopf} bifurcations in chemical reaction networks using convex coordinates},
  author       = {Errami, Hassan and Eiswirth, Markus and Grigoriev, Dima and Seiler, Werner M. and Sturm, Thomas and Weber \textdagger{}, Andreas},
  journal      = {Journal of Computational Physics},
  year         = {2015},
  doi          = {10.1016/j.jcp.2015.02.050},
  pages        = {279--302},
  url          = {http://dx.doi.org/10.1016/j.jcp.2015.02.050},
  howpublished = {http://dx.doi.org/10.1016/j.jcp.2015.02.050},
  volume       = {291}
}

@book{dattorro2018Convex,
  author  = {Stephen P. Dattorro},
  title   = {Convex Optimization \& Euclidean Distance Geometry},
  version = {v2018.09.21},
  year    = {2018},
  url     = {http://www.convexoptimization.com},
  note    = {Chapter 2: Convex Geometry, extracted from online edition}
}

@article{Rockafellar1973,
  author  = {Pryce, John},
  year    = {1973},
  month   = {12},
  pages   = {},
  title   = {R. Tyrell Rockafellar, Convex Analysis},
  volume  = {18},
  journal = {Proceedings of The Edinburgh Mathematical Society - PROC EDINBURGH MATH SOC},
  doi     = {10.1017/S0013091500010142}
}

@manual{franz2016ConvexMaple,
  author  = {Matthias Franz},
  title   = {Convex -- A Maple Package for Convex Geometry},
  version = {1.2},
  year    = {2016},
  url     = {https://www.math.uwo.ca/faculty/franz/convex/}
}

@online{vogel2020HopfEigenvalues,
  author  = {Hannes Vogel},
  title   = {Eigenvalues crossing imaginary axis at Hopf bifurcation},
  date    = {2020-01-11},
  url     = {https://commons.wikimedia.org/wiki/File:Hopfeigenvalues.png},
  urldate = {2025-06-12}
}

@article{clarke1980stability,
  title     = {Stability of complex reaction networks},
  author    = {Clarke, Bruce L},
  journal   = {Advances in chemical physics},
  pages     = {1--215},
  year      = {1980},
  publisher = {Wiley Online Library}
}

@article{ramazi2021Ptms,
  author  = {Samaneh Ramazi and Javad Zahiri},
  title   = {Posttranslational Modifications in Proteins: Resources, Tools and Prediction Methods},
  journal = {Database (Oxford)},
  year    = {2021},
  volume  = {2021},
  pages   = {baab012},
  date    = {2021-04-07},
  doi     = {10.1093/database/baab012},
  pmid    = {33826699},
  pmcid   = {PMC8040245}
}

@article{SCHOENHEIMER1939333,
  title   = {STUDIES IN PROTEIN METABOLISM: VII. THE METABOLISM OF TYROSINE},
  journal = {Journal of Biological Chemistry},
  volume  = {127},
  number  = {1},
  pages   = {333-344},
  year    = {1939},
  issn    = {0021-9258},
  doi     = {https://doi.org/10.1016/S0021-9258(18)73846-5},
  url     = {https://www.sciencedirect.com/science/article/pii/S0021925818738465},
  author  = {Rudolf Schoenheimer and S. Ratner and D. Rittenber}
}

@misc{conradi2024,
  title         = {In distributive phosphorylation catalytic constants enable non-trivial dynamics},
  author        = {Carsten Conradi and Maya Mincheva},
  year          = {2024},
  eprint        = {2308.08524},
  archiveprefix = {arXiv},
  primaryclass  = {q-bio.MN},
  url           = {https://arxiv.org/abs/2308.08524},
  month         = 7,
  note          = {An optional note}
}

@article{CONRADI2018507,
  title   = {Dynamics of Posttranslational Modification Systems: Recent Progress and Future Directions},
  journal = {Biophysical Journal},
  volume  = {114},
  number  = {3},
  pages   = {507-515},
  year    = {2018},
  issn    = {0006-3495},
  doi     = {https://doi.org/10.1016/j.bpj.2017.11.3787},
  url     = {https://www.sciencedirect.com/science/article/pii/S000634951735083X},
  author  = {Carsten Conradi and Anne Shiu}
}

@article{10.1093/hmg/ddp186,
  author  = {Anastasaki, Corina and Estep, Anne L. and Marais, Richard and Rauen, Katherine A. and Patton, E. Elizabeth},
  title   = {Kinase-activating and kinase-impaired cardio-facio-cutaneous syndrome alleles have activity during zebrafish development and are sensitive to small molecule inhibitors},
  journal = {Human Molecular Genetics},
  volume  = {18},
  number  = {14},
  pages   = {2543-2554},
  year    = {2009},
  month   = {04}
}

@article{cohen2001Phosphorylation,
  author  = {Philip Cohen},
  title   = {The Role of Protein Phosphorylation in Human Health and Disease. The Sir Hans Krebs Medal Lecture},
  journal = {European Journal of Biochemistry},
  year    = {2001},
  volume  = {268},
  number  = {19},
  pages   = {5001--5010},
  doi     = {10.1046/j.0014-2956.2001.02473.x}
}

@article{doi:10.1098/rsif.2014.1405,
  author  = {Suwanmajo, Thapanar  and Krishnan, J. },
  title   = {Mixed mechanisms of multi-site phosphorylation},
  journal = {Journal of The Royal Society Interface},
  volume  = {12},
  number  = {107},
  pages   = {3,15},
  year    = {2015},
  doi     = {10.1098/rsif.2014.1405},
  url     = {https://royalsocietypublishing.org/doi/abs/10.1098/rsif.2014.1405},
  eprint  = {https://royalsocietypublishing.org/doi/pdf/10.1098/rsif.2014.1405}
}

@article{Suwanmajo2020,
  author  = {Suwanmajo, Thapanar and Ramesh, Vaidhiswaran and Krishnan, J.},
  journal = {Scientific Reports},
  number  = {1},
  pages   = {16542},
  title   = {Exploring cyclic networks of multisite modification reveals origins of information processing characteristics},
  volume  = {10},
  year    = {2020}
}

@article{Conradi2020,
  title     = {On the existence of Hopf bifurcations in the sequential and distributive double phosphorylation cycle},
  volume    = {17},
  issn      = {1551-0018},
  url       = {http://dx.doi.org/10.3934/mbe.2020027},
  doi       = {10.3934/mbe.2020027},
  number    = {1},
  journal   = {Mathematical Biosciences and Engineering},
  publisher = {American Institute of Mathematical Sciences (AIMS)},
  author    = {Conradi, Carsten and Feliu, Elisenda and Mincheva, Maya},
  year      = {2020},
  pages     = {494-513}
}


@article{Brandenburg2024,
  title     = {The best ways to slice a polytope},
  url       = {http://dx.doi.org/10.1090/mcom/4006},
  doi       = {10.1090/mcom/4006},
  publisher = {American Mathematical Society (AMS)},
  author    = {Brandenburg, Marie-Charlotte and De Loera, Jesus and Meroni, Chiara},
  year      = {2024},
  month     = jul
}



@article{Assarf2017,
  abstract      = {The main purpose of this paper is to report on the state of the art of computing integer hulls and their facets as well as counting lattice points in convex polytopes. Using the polymake system we explore various algorithms and implementations. Our experience in this area is summarized in ten ``rules of thumb''.},
  author        = {Assarf, Benjamin and Gawrilow, Ewgenij and Herr, Katrin and Joswig, Michael and Lorenz, Benjamin and Paffenholz, Andreas and Rehn, Thomas},
  date          = {2017/03/01},
  date-added    = {2025-06-13 23:38:48 +0300},
  date-modified = {2025-06-13 23:39:05 +0300},
  doi           = {10.1007/s12532-016-0104-z},
  id            = {Assarf2017},
  isbn          = {1867-2957},
  journal       = {Mathematical Programming Computation},
  number        = {1},
  pages         = {1--38},
  title         = {Computing convex hulls and counting integer points with polymake},
  url           = {https://doi.org/10.1007/s12532-016-0104-z},
  volume        = {9},
  year          = {2017},
  bdsk-url-1    = {https://doi.org/10.1007/s12532-016-0104-z}
}


@inbook{Gawrilow2000,
  author    = {Gawrilow, Ewgenij
               and Joswig, Michael},
  editor    = {Kalai, Gil
               and Ziegler, G{\"u}nter M.},
  title     = {polymake: a Framework for Analyzing Convex Polytopes},
  booktitle = {Polytopes --- Combinatorics and Computation},
  year      = {2000},
  publisher = {Birkh{\"a}user Basel},
  address   = {Basel},
  pages     = {43--73},
  abstract  = {polymake is a software tool designed for the algorithmic treatment of polytopes and polyhedra. We give an overview of the functionality as well as of the structure. This paper can be seen as a first approximation to a polymake handbook.},
  isbn      = {978-3-0348-8438-9},
  doi       = {10.1007/978-3-0348-8438-9_2},
  url       = {https://doi.org/10.1007/978-3-0348-8438-9_2}
}


@article{10.1093/bioinformatics/btac730,
    author = {Xu, Jin and Jiang, Jessie and Sauro, Herbert M},
    title = {SBMLDiagrams: a python package to process and visualize SBML layout and render},
    journal = {Bioinformatics},
    volume = {39},
    number = {1},
    pages = {btac730},
    year = {2022},
    month = {11},
    issn = {1367-4811},
    doi = {10.1093/bioinformatics/btac730},
    url = {https://doi.org/10.1093/bioinformatics/btac730},
    eprint = {https://academic.oup.com/bioinformatics/article-pdf/39/1/btac730/48448734/btac730.pdf},
}

@software{xu2023SbmlDiagrams,
  author       = {Jin Xu and Jessie Jiang and Herbert M. Sauro},
  title        = {SBMLDiagrams},
  version      = {1.2.7},
  date         = {2023-01-01},
  url          = {https://pypi.org/project/SBMLDiagrams/},
  note         = {Python package for processing and visualizing SBML layout and render; see also Xu \textit{et al.}, \emph{Bioinformatics}, 39(1):btac730 (2023)},
}

@article{medley2018tellurium,
  title={Tellurium notebooks—an environment for reproducible dynamical modeling in systems biology},
  author={Medley, J Kyle and Choi, Kiri and K{\"o}nig, Matthias and Smith, Lucian and Gu, Stanley and Hellerstein, Joseph and Sealfon, Stuart C and Sauro, Herbert M},
  journal={PLoS computational biology},
  volume={14},
  number={6},
  pages={e1006220},
  year={2018},
  publisher={Public Library of Science San Francisco, CA USA}
}


@article{choi2018Tellurium,
  author    = {Kiri Choi and Jonathan K. Medley and Matthias König and Lucian P. Smith and Kyle R. Guenther and Maciej Galdzicki and Herbert M. Sauro},
  title     = {Tellurium: An Extensible Python-Based Modeling Environment for Systems and Synthetic Biology},
  journal   = {Biosystems},
  year      = {2018},
  volume    = {171},
  pages     = {74--79},
  doi       = {10.1016/j.biosystems.2018.07.006},
}